
@ARTICLE{markov,
Title = {Markov Models and Hidden Markov Models: A Brief Tutorial},
Author = {Eric Fosler-Lussier},
Year = {December 1998},
URL ={http://di.ubi.pt/~jpaulo/competence/tutorials/hmm-tutorial-1.pdf}
}

@ARTICLE{gpspredict,
Title = {Using GPS to Learn Significant Locations and Predict Movement Across Multiple Users},
Author = {Daniel Ashbrook and Thad Starner},
Year = {Unknown},
}

@ARTICLE{cluster,
Title = {On Clustering fMRI Time Series},
Author = {Cyril Goutte et al.},
Year = {June 26,1998}, 
}

@ARTICLE{corrcoeff,
Title = {Correlation Coefficient},
Author = {Math Bits},
Year = {2000},
URL = {http://mathbits.com/MathBits/TISection/Statistics2/correlation.htm}
}

